<?xml version="1.0" encoding="UTF-8"?><collection xmlns="http://www.loc.gov/MARC21/slim"><record><leader>00460nam--2200181-i-4500</leader><controlfield tag="001">000047309</controlfield><controlfield tag="002">20161230</controlfield><controlfield tag="005">20161230201046</controlfield><controlfield tag="008">060222s1000------------r-----000-0-ger-d</controlfield><datafield ind1=" " ind2=" " tag="040"><subfield code="a">IFIN-HH</subfield></datafield><datafield ind1=" " ind2=" " tag="041"><subfield code="a">ger</subfield></datafield><datafield ind1=" " ind2=" " tag="080"><subfield code="a">%#</subfield></datafield><datafield ind1="1" ind2=" " tag="100"><subfield code="a">Weizsacker, C.F</subfield></datafield><datafield ind1="1" ind2="0" tag="245"><subfield code="a">Zum weltbild der physik. 7.erweiterte auflage</subfield><subfield code="c">C.f. weizsacker</subfield></datafield><datafield ind1=" " ind2=" " tag="260"><subfield code="a">Stuttgart</subfield><subfield code="b">S.Hirzel Verlag</subfield><subfield code="c">1958</subfield></datafield><datafield ind1=" " ind2=" " tag="300"><subfield code="a">378P</subfield></datafield><datafield ind1=" " ind2=" " tag="852"><subfield code="a">13517</subfield><subfield code="c">53.01</subfield></datafield><datafield ind1=" " ind2=" " tag="CAT"><subfield code="a">Sys</subfield><subfield code="c">20151012</subfield><subfield code="h">154243</subfield></datafield></record></collection>